@Article{earlybraille,
  author = 	 "R. Ryles",
  title = 	 "Research Study: Early Braille Education Vital",
  journal =	 "Future Reflections",
  year =	 "2004",
  volume =	 "Special Issue",
  url = {https://www.nfb.org/images/nfb/publications/fr/fr14/fr04se22.htm}
}

@TechReport{transformingbraille,
  author = 	 "T. Alexander, S. King, S. Rothstein",
  title = 	 "Transforming Braille Project Charter",
  institution =  "The Transforming Braille Group LLC",
  year = 	 "2012",
  url = {https://www.transformingbraille.org/wp-content/uploads/2014/08/Transforming-Braille-Project-DAISY-Charter-v8-25-June-2012.doc}
}

@TechReport{brailleprofiling,
  author = 	 "A. Phillips, L. Beesley",
  title = 	 "Braille Profiling Project",
  institution =  "Royal National Institute of Blind People",
  year = 	 "2011",
  url = {https://www.rnib.org.uk/sites/default/files/braille\_profiling.doc}
}

@TechReport{brailledisplays,
  author = 	 "H. Cryer, S. Home",
  title = 	 "Use of braille displays",
  institution =  "Royal National Institute of Blind People",
  year = 	 "2011",
  url = {https://www.rnib.org.uk/sites/default/files/2011\_06\_Use\_of\_braille\_displays.doc}
}

@misc{braillespreading,
  title= {Braille is spreading but who's using it?},
  author= {D. Rose},
  year= {2012},
  publisher = "BBC News",
  url = {https://www.bbc.com/news/magazine-16984742}
}